@article{anleitung,
  title = {Versuch 01: Lebensdauer kosmischer Myonen},
  author = {Tu Dortmund},
}
