@article{anleitung,
  title = {Versuch 49: Versuchsanleitung für die gepulste Kernresonanz (NMR)},
  author = {Tu Dortmund},
}
@article{doi:10.1063/1.324529,
author = {Theeten,J. B.  and Aspnes,D. E.  and Chang,R. P. H. },
title = {A new resonant ellipsometric technique for characterizing the interface between GaAs and its plasma‐grown oxide},
journal = {Journal of Applied Physics},
volume = {49},
number = {12},
pages = {6097-6102},
year = {1978},
doi = {10.1063/1.324529},
URL = {https://doi.org/10.1063/1.324529},
eprint = { https://doi.org/10.1063/1.324529}
}
@book{Dargys,
    author = "A. Dargys und J. Kundrotas",
    title = "{Handbook on physical properties of Ge, Si, GaAs and InP}",
    publisher = "Vilnius, Lithuania: Science und Encyclopedia Publishers",
    year = "1994"
}
@book{demtröder,
  title={Experimentalphysik 3: Atome, Molek{\"u}le und Festk{\"o}rper},
  author={Demtr{\"o}der, W.},
  isbn={9783662490945},
  series={Springer-Lehrbuch},
  url={https://books.google.de/books?id=tR5kDAAAQBAJ},
  year={2016},
  publisher={Springer Berlin Heidelberg}
}
