@article{anleitung,
  title = {Versuch 61: Der HeNe-Laser},
  author = {Tu Dortmund},
}
@online{goe,
  author = {Uni Göttingen},
  title = {{Uni Göttingen} Der Helium-Neon-Laser},
  year = 2018,
  url = {https://lp.uni-goettingen.de/get/text/1804},
  urldate = {2021-09-22}
}
@online{wiki,
  title = {{Wikipedia} Laser},
  url = {https://de.wikipedia.org/wiki/Laser#/media/Datei:TEMmn.png},
  urldate = {2021-09-22}
}