@article{anleitung,
  title = {Versuch 64: Faraday Effekt},
  author = {Tu Dortmund},
}
